<?xml version="1.0" encoding="UTF-8"?><collection xmlns="http://www.loc.gov/MARC21/slim"><record><leader>00376nam--2200145-i-4500</leader><controlfield tag="001">000013924</controlfield><controlfield tag="002">20161230</controlfield><controlfield tag="005">20170304144244</controlfield><controlfield tag="008">060222s1000------------r-----000-0-eng-d</controlfield><datafield ind1=" " ind2=" " tag="100"><subfield code="a">Cazimirovici, Eugen</subfield></datafield><datafield ind1=" " ind2=" " tag="245"><subfield code="a">Teoria deformarii plastice</subfield></datafield><datafield ind1=" " ind2=" " tag="260"><subfield code="a">Bucuresti</subfield><subfield code="b">Ed.Didact.Si Pedagogica</subfield><subfield code="c">1981</subfield></datafield><datafield ind1=" " ind2=" " tag="300"><subfield code="a">261 p</subfield></datafield><datafield ind1=" " ind2=" " tag="852"><subfield code="a">539.374(075.8)</subfield></datafield><datafield ind1=" " ind2=" " tag="CAT"><subfield code="a">SYS</subfield><subfield code="c">20170304</subfield><subfield code="h">144244</subfield></datafield></record></collection>